<record><leader>00000cas a22000007a 4500</leader><controlfield tag="001">13460365</controlfield><controlfield tag="008">860421d18761891wiuwr ne      0    0ger d</controlfield><datafield ind1=" " ind2=" " tag="010"><subfield code="a">sn 86086179 </subfield></datafield><datafield ind1=" " ind2=" " tag="040"><subfield code="a">NPV</subfield><subfield code="b">eng</subfield><subfield code="c">NPV</subfield><subfield code="d">OCLCQ</subfield></datafield><datafield ind1=" " ind2=" " tag="042"><subfield code="a">msc</subfield></datafield><datafield ind1="0" ind2="4" tag="245"><subfield code="a">Der Sauk County Herold.</subfield></datafield><datafield ind1="1" ind2="3" tag="246"><subfield code="a">Erza&#776;hler</subfield></datafield><datafield ind1=" " ind2=" " tag="260"><subfield code="a">Reedsburg, Wis. :</subfield><subfield code="b">W. Ka&#776;tzmann</subfield></datafield><datafield ind1=" " ind2=" " tag="300"><subfield code="a">v.</subfield></datafield><datafield ind1=" " ind2=" " tag="310"><subfield code="a">Weekly</subfield></datafield><datafield ind1="1" ind2=" " tag="362"><subfield code="a">Began in 1876; ceased in 1891.</subfield><subfield code="z">Cf. Oehlerts, d. E. Guide to Wis. newspapers.</subfield></datafield><datafield ind1=" " ind2=" " tag="500"><subfield code="a">Added masthead: Der Erza&#776;hler (Sonntagsbeilage des Sauk Co. Herold) ; &lt;18 July, 1886&gt;.</subfield></datafield><datafield ind1=" " ind2=" " tag="588"><subfield code="a">Description based on: Jahrg. 10, nr. 32 (15 July, 1886).</subfield></datafield><datafield ind1=" " ind2=" " tag="752"><subfield code="a">United States</subfield><subfield code="b">Wisconsin</subfield><subfield code="c">Sauk</subfield><subfield code="d">Reedsburg.</subfield></datafield></record>